% Encoding: UTF-8

@InProceedings{gcn2017,
  author    = {Thomas N. Kipf and Max Welling},
  title     = {Semi-Supervised Classification with Graph Convolutional Networks},
  booktitle = {Proceedings of the International Conference on Learning Representations},
  year      = {2017},
  pages     = {1-14},
}
